<record><leader>00000cas a2200000 i 4500</leader><controlfield tag="001">5886662</controlfield><controlfield tag="007">hd afb---baua</controlfield><controlfield tag="008">800118d191u193umtuwr n a     0    0eng c</controlfield><datafield ind1=" " ind2=" " tag="010"><subfield code="a">  2016252030</subfield></datafield><datafield ind1=" " ind2=" " tag="040"><subfield code="a">IRU</subfield><subfield code="b">eng</subfield><subfield code="e">rda</subfield><subfield code="c">IRU</subfield><subfield code="d">OCL</subfield><subfield code="d">OCLCQ</subfield><subfield code="d">OCLCF</subfield><subfield code="d">OCLCO</subfield><subfield code="d">WAU</subfield><subfield code="d">OCL</subfield></datafield><datafield ind1=" " ind2=" " tag="042"><subfield code="a">pcc</subfield></datafield><datafield ind1=" " ind2=" " tag="043"><subfield code="a">n-us-mt</subfield></datafield><datafield ind1=" " ind2="4" tag="050"><subfield code="a">HD1401</subfield><subfield code="b">.P763</subfield></datafield><datafield ind1="0" ind2=" " tag="130"><subfield code="a">Producers news (Plentywood, Mont.)</subfield></datafield><datafield ind1="0" ind2="4" tag="245"><subfield code="a">The Producers news.</subfield></datafield><datafield ind1=" " ind2="1" tag="264"><subfield code="a">Plentywood, Montana :</subfield><subfield code="b">Peoples Pub. Co.,</subfield><subfield code="c">1918-1937.</subfield></datafield><datafield ind1=" " ind2=" " tag="300"><subfield code="a">19 volumes :</subfield><subfield code="b">illustrations</subfield></datafield><datafield ind1=" " ind2=" " tag="310"><subfield code="a">Weekly</subfield></datafield><datafield ind1=" " ind2=" " tag="336"><subfield code="a">text</subfield><subfield code="b">txt</subfield><subfield code="2">rdacontent</subfield></datafield><datafield ind1=" " ind2=" " tag="337"><subfield code="a">microform</subfield><subfield code="b">h</subfield><subfield code="2">rdamedia</subfield></datafield><datafield ind1=" " ind2=" " tag="338"><subfield code="a">microfilm reel</subfield><subfield code="b">hd</subfield><subfield code="2">rdacarrier</subfield></datafield><datafield ind1="1" ind2=" " tag="362"><subfield code="a">Began with: Volume 1, number 1 (April 19, 1918); ceased with: volume 19, number 43 (March 5, 1937).</subfield></datafield><datafield ind1=" " ind2=" " tag="500"><subfield code="a">Advocate of various radical agrarian organizations.</subfield></datafield><datafield ind1=" " ind2=" " tag="533"><subfield code="a">Microfilm.</subfield><subfield code="b">Westport, Conn.;</subfield><subfield code="c">Greenwood Press Microform Department,</subfield><subfield code="d">1978.</subfield><subfield code="e">2 reels ; 35 mm.</subfield></datafield><datafield ind1=" " ind2=" " tag="588"><subfield code="a">Description based on: Volume 1, number 1 (April 19, 1918); title from caption.</subfield></datafield><datafield ind1=" " ind2=" " tag="588"><subfield code="a">Latest issue consulted: Volume 16, number 40 (December 30, 1933).</subfield></datafield><datafield ind1=" " ind2="0" tag="650"><subfield code="a">Agriculture</subfield><subfield code="x">Economic aspects</subfield><subfield code="z">United States</subfield><subfield code="v">Newspapers.</subfield></datafield><datafield ind1=" " ind2="0" tag="651"><subfield code="a">Plentywood (Mont.)</subfield><subfield code="v">Newspapers.</subfield></datafield><datafield ind1=" " ind2="7" tag="655"><subfield code="a">Newspapers.</subfield><subfield code="2">fast</subfield><subfield code="0">(OCoLC)fst01423814</subfield></datafield><datafield ind1=" " ind2="7" tag="650"><subfield code="a">Agriculture</subfield><subfield code="x">Economic aspects.</subfield><subfield code="2">fast</subfield><subfield code="0">(OCoLC)fst00801415</subfield></datafield><datafield ind1=" " ind2="7" tag="651"><subfield code="a">Montana</subfield><subfield code="z">Plentywood.</subfield><subfield code="2">fast</subfield><subfield code="0">(OCoLC)fst01232912</subfield></datafield><datafield ind1=" " ind2="7" tag="651"><subfield code="a">United States.</subfield><subfield code="2">fast</subfield><subfield code="0">(OCoLC)fst01204155</subfield></datafield><datafield ind1=" " ind2=" " tag="752"><subfield code="a">United States</subfield><subfield code="b">Montana</subfield><subfield code="c">Sheridan</subfield><subfield code="d">Plentywood.</subfield></datafield><datafield ind1="1" ind2=" " tag="776"><subfield code="t">Producers news (Plentywood, Mont.)</subfield><subfield code="x">2332-9769</subfield><subfield code="w">(DLC)sn 85053305</subfield><subfield code="w">(OCoLC)2251783</subfield></datafield></record>